@inproceedings{vanjacobson,
  author = "Van Jacobson and Michael J. Karels",
  title = "Congestion Avoidance and Control",
  booktitle = "In Proceedings of the Sigcomm '88 Symposium",
  address = "Stanford, CA",
  month = aug,
  year = 1988
}

@online{DPDK,
	title = {{Intel DPDK: Data Plane Development Kit}},
	url = {http://dpdk.org}
}

@MISC{lighttpd,
	title = {{lighttpd}},
	howpublished = {\url{http://www.lighttpd.net/}}
}
@online{NetPIPE,
	title = {{NetPIPE: A Network Protocol Independent Performance Evaluator}},
	url = {http://bitspjoule.org/netpipe/}
}

@book{ThunderingHerd,
	author        = "Jonathan Corbet and Greg Kroah-Hartman and Alessandro Rubini",
	title         = "Linux Device Drivers",
	publisher     = "O'Reilly",
	address       = "Sebastopol, CA",
	year          = "2005"
}

@online{ThunderingHerd2,
	title = {{Serializing accept(), AKA Thundering Herd, AKA the Zeeg Problem}},
	url = {http://uwsgi-docs.readthedocs.io/en/latest/articles/SerializingAccept.html}
}


@inproceedings{ Snell,
	title = {{NetPIPE: A Network Protocol Independent Performance Evaluator}},
	author = {Quinn O. Snell and Armin R. Mikler and John L. Gustafson},
	booktitle = {IASTED international conference on intelligent information management and systems},
	year = {1996}
}

@inproceedings{ NetVM,
	title = {{NetVM: High Performance and Flexible Networking Using Virtualization on Commodity Platforms}},
	author = {Jinho, Hwang and K., K., Ramakrishnan and Timothy, Wood},
	booktitle = {Proceedings of the USENIX NSDI 2010 Conference},
	year = {2014}
}

@online{wrk,
	title = {{wrk: Modern HTTP benchmarking tool }},
	url = {https://github.com/wg/wrk}
}

@online{DLSYM,
	title = {{Linux Programmer's Manual-DLSYM}},
	url = {http://www.man7.org/linux/man-pages/man3/dlsym.3.html}
}

@online{EPOLL,
	title = {{Linux Programmer's Manual-EPOLL}},
	url = {http://man7.org/linux/man-pages/man7/epoll.7.html}
}

@online{SO_REUSEPORT,
	author = {Michael Kerrisk},
	title = {{The SO\_REUSEPORT socket option}},
	url = {https://lwn.net/Articles/542629/},
	year = {2013}
}

@INPROCEEDINGS{Affinity-Accept,
	author = {Pesterev, Aleksey and Strauss, Jacob and Zeldovich, Nickolai and Morris, Robert T.},
	title = {Improving Network Connection Locality on Multicore Systems},
	booktitle = {Proceedings of the 7th ACM European Conference on Computer Systems (EuroSys 12)},
	year = {2012},
}


@online{Nginx,
	title = {{Nginx}},
	url = {http://nginx.org/}
}

@online{PF_RING,
	title = {{PF\_RING: High-speed packet capture, filtering and analysis}},
	url = {http://www.ntop.org/products/packet-capture/pf_ring/}
}

@online{PSIO,
	title = {{Packet I/O Engine}},
	url = {http://shader.kaist.edu/packetshader/io_engine/}
}

@INPROCEEDINGS{IsoStack,
	author = {Leah, Shalev and Julian,Satran  and Eran, Borovik and Muli,Ben-Yehuda},
	title = {{IsoStack: Highly Efficient Network Processing on Dedicated Cores}},
	booktitle = {Proceedings of the USENIX ATC 2010 Conference},
	year = {2010}
}

@INPROCEEDINGS{fastsocket,
	author = {Xiaofeng, Lin and Yu, Chen  and Xiaodong, Li and Junjie,Mao and Jiaquan, He and Wei, Xu and Yuanchun, Shi},
	title = {{Scalable Kernel TCP Design and Implementation for Short-Lived Connections}},
	booktitle = {Proceedings of the ACM ASPLOS 2016 Conference},
	year = {2016}
}

@MISC{fastsocket-release,
	author = {Xiaofeng, Lin and Yu, Chen  and Xiaodong, Li and Junjie,Mao and Jiaquan, He and Wei, Xu and Yuanchun, Shi},
	title = {{Fastsocket source code release, v. of 2017-02-28}},
	howpublished = {\url{https://github.com/fastos/fastsocket}}
}

@INPROCEEDINGS{MegaPipe,
	author = {Sangjin, Han and Scott, Marshall and Byung-Gon, Chun and Sylvia, Ratnasamy},
	title = {{MegaPipe: A New Programming Interface for Scalable Network I/O}},
	booktitle = {Proceedings of the USENIX OSDI 2012 Conference},
	year = {2012}
}

@INPROCEEDINGS{StackMap,
	author = {Kenichi, Yasukata and Michio, Honda and Douglas,Santry and Lars, Eggert},
	title = {{StackMap: Low-Latency Networking with the OS Stack and Dedicated NICs}},
	booktitle = {Proceedings of the USENIX ATC 2016 Conference},
	year = {2016}
}

@INPROCEEDINGS{IX,
	author = {Adam,Belay and George, Prekas and Ana,Klimovic and Samuel,Grossman and Christos, Kozyrakis and Edouard,Bugnion},
	title = {{IX: A Protected Dataplane Operating System for High Throughput and Low Latency}},
	booktitle = {Proceedings of the USENIX OSDI 2014 Conference},
	year = {2014}
}

@inproceedings{mOS,
	title={{mOS: A Reusable Networking Stack for Flow Monitoring Middleboxes.}},
	author={Jamshed, Muhammad Asim and Moon, YoungGyoun and Kim, Donghwi and Han, Dongsu and Park, KyoungSoo},
	booktitle={NSDI},
	pages={113--129},
	year={2017}
}

@INPROCEEDINGS{PacketShader,
	author = {Sangjin, Han and Jang, Keon and Park, KyoungSoo and Moon, Sue},
	title = {{PacketShader: A GPU-accelerated Software Router}},
	booktitle = {Proceedings of the ACM SIGCOMM 2010 Conference},
	year = {2010}
}

@inproceedings{RouteBricks,
	author = {Dobrescu, Mihai and Egi, Norbert and Argyraki, Katerina and Chun, Byung-Gon and Fall, Kevin and Iannaccone, Gianluca and Knies, Allan and Manesh, Maziar and Ratnasamy, Sylvia},
	title = {{RouteBricks: Exploiting Parallelism to Scale Software Routers}},
	booktitle = {Proceedings of the ACM SIGOPS 22Nd Symposium on Operating Systems Principles},
	year = {2009}
}

@INPROCEEDINGS{NetMap,
	author = {Luigi Rizzo},
	title = {{netmap: A Novel Framework for Fast Packet I/O}},
	booktitle = {2012 USENIX Annual Technical Conference (USENIX ATC 12)},
	year = {2012}
}

@inproceedings{mTCP,
  title={mTCP: a highly scalable user-level TCP stack for multicore systems},
  author={Jeong, Eun Young and Woo, Shinae and Jamshed, Muhammad and Jeong, Haewon and Ihm, Sunghwan and Han, Dongsu and Park, Kyoung Soo},
  booktitle={Proceedings of the 11th USENIX Conference on Networked Systems Design and Implementation},
  year={2014},
}



@online{Seastar,
	title = {{Seastar}},
	url={http://www.seastar-project.org}
}

@online{libuinet,
	title = {{a library version of FreeBSD's TCP/IP stack plus extras}},
	url={https://github.com/pkelsey/libuinet}
}

@techreport{pope2011introduction,
  title={Introduction to OpenOnload—Building Application Transparency and Protocol Conformance into Application Acceleration Middleware},
  author={Pope, Steve and Riddoch, David},
  year={2011},
  institution={Technical report, Solarflare Communication, April 2011}
}
@online{PLVision,
	title = {{Ostinato and Intel DPDK 10G Data Rates Report on Intel CPU}},
	url={http://www.slideshare.net/plvision/10-g-packet-processing-with-dpdk}
}
@article{UTCP,
	author = {Honda, Michio and Huici, Felipe and Raiciu, Costin and Araujo, Joao and Rizzo, Luigi},
	title = {Rekindling Network Protocol Innovation with User-level Stacks},
	journal = {SIGCOMM Comput. Commun. Rev.},
	issue_date = {April 2014}
} 

@article{Lesson,
	author = {Jeff, Dean},
	title = {{Designs, Lessons and Advice from Building Large 
	Distributed Systems}},
	journal = {Keynote from LADIS},
	issue_date = {2009}
} 


@inproceedings{Sandstorm,
	author = {Marinos, Ilias and Watson, Robert N.M. and Handley, Mark},
	title = {{Network Stack Specialization for Performance}},
	booktitle = {Proceedings of the 2014 ACM Conference on SIGCOMM},
	year = {2014}
} 

@inproceedings{woo2013comparison,
  title={Comparison of caching strategies in modern cellular backhaul networks},
  author={Woo, Shinae and Jeong, Eunyoung and Park, Shinjo and Lee, Jongmin and Ihm, Sunghwan and Park, KyoungSoo},
  booktitle={Proceeding of the 11th annual international conference on Mobile systems, applications, and services},
  pages={319--332},
  year={2013},
  organization={ACM}
}

@inproceedings{Toeplitz,
	title={{LFSR}-based hashing and authentication},
	author={Krawczyk, Hugo},
	booktitle={Annual International Cryptology Conference},
	pages={129--139},
	year={1994},
	organization={Springer}
}

@article{TR-symRSS,
	title={Scalable {TCP} session monitoring with symmetric receive-side scaling},
	author={Woo, Shinae and Park, KyoungSoo},
	journal={KAIST, Daejeon, Korea, Tech. Rep},
	year={2012}
}

@inproceedings{linux-scalability,
	title={An Analysis of Linux Scalability to Many Cores.},
	author={Boyd-Wickizer, Silas and Clements, Austin T and Mao, Yandong and Pesterev, Aleksey and Kaashoek, M Frans and Morris, Robert and Zeldovich, Nickolai and others},
	booktitle={OSDI},
	volume={10},
	number={13},
	pages={86--93},
	year={2010}
}

@online{cisco-survey,
	title = {{Cisco Visual Networking Index: Global Mobile Data Traffic Forecast Update, 2016–2021 White Paper}},
	url={https://www.cisco.com/c/en/us/solutions/collateral/service-provider/visual-networking-index-vni/mobile-white-paper-c11-520862.html}
}

@online{intel-nic,
	title = {{10/25/40 GBE INTEL ETHERNET NETWORK ADAPTERS}},
	url={https://www.intel.com/content/www/us/en/products/network-io/ethernet/10-25-40-gigabit-adapters.html}
}

@online{mell-nic,
	title = {{ConnectX-5 EN Single/Dual-Port Adapter Supporting 100Gb/s Ethernet}},
	url={http://www.mellanox.com/page/products_dyn?product_family=260&mtag=connectx_5_en_card}
}
@online{mell-nic2,
	title = {{ConnectX-6 EN Single/Dual-Port Adapter Supporting 200Gb/s Ethernet}},
	url={http://www.mellanox.com/page/products_dyn?product_family=266&mtag=connectx_6_en_card}
}
@article{Mijumbi2017Network,
  title={Network Function Virtualization: State-of-the-art and Research Challenges},
  author={Mijumbi, Rashid and Serrat, Joan and Gorricho, Juan Luis and Bouten, Niels and Turck, Filip De and Boutaba, Raouf},
  journal={IEEE Communications Surveys & Tutorials},
  volume={18},
  number={1},
  pages={236-262},
  year={2017},
}

@book{IO-models,
  title={UNIX Network Programming Volume 1, Third Edition},
  author={ W. Richard Stevens, Bill Fenner, Andrew M. Rudoff},
  publisher={Addison Wesley},
  pages={204},
  year={2003}
}

@book{dpdkbook,
  title={深入浅出DPDK},
  author={朱河清等},
  publisher={机械工业出版社},
  pages={81},
  year={2016}
}

@online{hugepage,
	title = {{Hugepages}},
	url={https://wiki.debian.org/Hugepages}
}

@inproceedings{Agesen2000DCAS,
  title={DCAS-based concurrent deques},
  author={Agesen, Ole and Detlefs, David L. and Flood, Christine H. and Garthwaite, Alexander T. and Martin, Paul A. and Shavit, Nir N. and Steele, Guy L.},
  pages={137-146},
  year={2000},
}

@online{lockless-listener,
	title = {{Linux kernel source tree}},
	url={https://git.kernel.org/pub/scm/linux/kernel/git/torvalds/linux.git/commit/?id=c3fc7ac9a0b978ee8538058743d21feef25f7b33}
}

@online{synflood,
	title = {{SYN Flood Attack}},
	url={https://www.cloudflare.com/learning/ddos/syn-flood-ddos-attack/}
}

@online{socpu,
	title = {{net: SO\_INCOMING\_CPU support}},
	url={https://lwn.net/Articles/619862/}
}

@online{EPOLLEXCLUSIVE,
	title = {{EPOLL\_CTL(2) Linux Programmer's Manual}},
	url={http://man7.org/linux/man-pages/man2/epoll_ctl.2.html}
}

@book{connectbind,
  title={UNIX Network Programming Volume 1, Third Edition},
  author={W. Richard Stevens, Bill Fenner, Andrew M. Rudoff},
  publisher={Addison Wesley},
  pages={138-142},
  year={2003}
}

@article{flexsc,
    title={FlexSC: flexible system call scheduling with exception-less system calls},
    author={Soares, Livio and Stumm, Michael},
    pages={33--46},
    year={2010}
}

@article{vasudevan2011,
title={The case for VOS: the vector operating system},
author={Vasudevan, Vijay and Andersen, David G and Kaminsky, Michael},
volume={2011},
pages={31--31},
year={2011}}

@article{u-net,
title={U-Net: a user-level network interface for parallel and distributed computing},
author={Von Eicken, T and Basu, Anindya and Buch, V and Vogels, Werner},
journal={symposium on operating systems principles},
volume={29},
number={5},
pages={40--53},
year={1995}}

@article{ganger2002fast,
title={Fast and flexible application-level networking on exokernel systems},
author={Ganger, Gregory R and Engler, Dawson R and Kaashoek, M Frans and Briceno, Hector M and Hunt, Russell and Pinckney, Thomas},
journal={ACM Transactions on Computer Systems},
volume={20},
number={1},
pages={49--83},
year={2002}}

@inproceedings{Chu1996Zero,
  title={Zero-copy TCP in Solaris},
  author={Chu, Hsiao Keng Jerry},
  booktitle={Proc. Usenix Techinical Conference},
  pages={21-21},
  year={1996},
}

@online{fstack,
	title = {{fstack}},
	url={http://www.f-stack.org}
}

@article{Clements2015The,
  title={The Scalable Commutativity Rule:Designing Scalable Software for Multicore Processors},
  author={Clements, Austin T. and Kaashoek, M. Frans and Zeldovich, Nickolai and Morris, Robert T. and Kohler, Eddie},
  journal={Acm Transactions on Computer Systems},
  volume={32},
  number={4},
  pages={1-47},
  year={2015},
}

@inproceedings{Zou2011An,
  title={An evaluation of parallel optimization for OpenSolaris® network stack},
  author={Zou, Hongbo and Wu, Wenji and Sun, Xian He and Demar, Phil and Crawford, Matt},
  booktitle={Local Computer Networks},
  pages={296-299},
  year={2011},
}

@inproceedings{Suzumura2009Highly,
  title={Highly scalable web applications with zero-copy data transfer},
  author={Suzumura, Toyotaro and Tatsubori, Michiaki and Trent, Scott and Tozawa, Akihiko and Onodera, Tamiya},
  booktitle={International Conference on World Wide Web, WWW 2009, Madrid, Spain, April},
  pages={921-930},
  year={2009},
}

@article{Peter2015Arrakis,
  title={Arrakis:The Operating System Is the Control Plane},
  author={Peter, Simon and Li, Jialin and Zhang, Irene and Dan, R. K. Ports and Woos, Doug and Krishnamurthy, Arvind and Anderson, Thomas and Roscoe, Timothy},
  journal={Acm Transactions on Computer Systems},
  volume={33},
  number={4},
  pages={1-30},
  year={2015},
}

@online{msg_zerocopy,
	title = {{msg\_zerocopy}},
	url={https://www.kernel.org/doc/html/v4.15/networking/msg_zerocopy.html}
}

@online{nginxmtcp1,
	title = {{yulintao\_nginx\_mtcp}},
	url={https://github.com/yulintao/nginx_mtcp}
}

@online{nginxmtcp2,
	title = {{WenqingWu\_nginx\_mtcp}},
	url={https://github.com/WenqingWu/nginx-mtcp}
}

@online{wget,
	title = {{Wget - Introduction to GNU Wget}},
	url={https://www.gnu.org/software/wget/}
}

@online{lwIP,
	title = {{lwIP - A Lightweight TCP/IP stack}},
	url={https://savannah.nongnu.org/projects/lwip/}
}

https://patchwork.ozlabs.org/patch/602129/


@online{sockrcufree,
	title = {{net: add SOCK\_RCU\_FREE socket flag}},
	url={https://patchwork.ozlabs.org/patch/602129/}
}


@online{skbuff,
	title = {{sk\_buff}},
	url={https://wiki.linuxfoundation.org/networking/sk_buff}
}

@online{wrk,
	title = {{wrk - a HTTP benchmarking tool}},
	url={https://github.com/wg/wrk}
}

@inproceedings{tail-latency,
	title={{Tales of the Tail: Hardware, OS, and Application-level Sources of Tail Latency}},
	author={Li, Jialin and Sharma, Naveen Kr and Ports, Dan RK and Gribble, Steven D},
	booktitle={Proceedings of the ACM Symposium on Cloud Computing (SOCC '14)},
	pages={1--14},
	year={2014}
}

@inproceedings{low-latency1,
	title={Less is More: Trading a little Bandwidth for Ultra-Low Latency in the Data Center},
	author={Alizadeh, Mohammad and Kabbani, Abdul and Edsall, Tom and Prabhakar, Balaji and Vahdat, Amin and Yasuda, Masato},
	booktitle={Proceedings of the 9th USENIX Symposium on Networked Systems Design and Implementation (NSDI '12)},
	pages={19--19},
	year={2012}
}

@inproceedings{chronos,
	title={{Chronos: Predictable Low Latency for Data Center Applications}},
	author={Kapoor, Rishi and Porter, George and Tewari, Malveeka and Voelker, Geoffrey M and Vahdat, Amin},
	booktitle={Proceedings of the 3rd ACM Symposium on Cloud Computing (SOCC '12)},
	pages={9},
	year={2012}
}

@inproceedings{woo2013comparison,
  title={Comparison of caching strategies in modern cellular backhaul networks},
  author={Woo, Shinae and Jeong, Eunyoung and Park, Shinjo and Lee, Jongmin and Ihm, Sunghwan and Park, KyoungSoo},
  booktitle={Proceeding of the 11th International Conference on Mobile Systems, Applications, and Services (MobiSys '13)},
  pages={319--332},
  year={2013}
}

@article{TR-symRSS,
	title={{Scalable TCP session monitoring with symmetric receive-side scaling}},
	author={Woo, Shinae and Park, KyoungSoo},
	journal={KAIST, Daejeon, Korea, Tech. Rep},
	year={2012}
}

@inproceedings{Toeplitz,
	title={{LFSR}-based hashing and authentication},
	author={Krawczyk, Hugo},
	booktitle={Annual International Cryptology Conference},
	pages={129--139},
	year={1994},
	organization={Springer}
}

@article{Facebook2,
	title={{Accurate, Large Minibatch SGD: Training ImageNet in 1 Hour}},
	author={Goyal, Priya and Doll{\'a}r, Piotr and Girshick, Ross and Noordhuis, Pieter and Wesolowski, Lukasz and Kyrola, Aapo and Tulloch, Andrew and Jia, Yangqing and He, Kaiming},
	journal={arXiv preprint arXiv:1706.02677},
	year={2017}
}

@inproceedings{Facebook,
	title={Applied Machine Learning at Facebook: A Datacenter Infrastructure Perspective},
	author={Hazelwood, Kim and Bird, Sarah and Brooks, David and Chintala, Soumith and Diril, Utku and Dzhulgakov, Dmytro and Fawzy, Mohamed and Jia, Bill and Jia, Yangqing and Kalro, Aditya and others},
	booktitle={Proceedings of the 24th IEEE International Symposium on High-Performance Computer Architecture (HPCA '18)},
	pages={620--629},
	year={2018}
}

@inproceedings{ZygOS,
  title={ZygOS: Achieving low tail latency for microsecond-scale networked tasks},
  author={Prekas, George and Kogias, Marios and Bugnion, Edouard},
  booktitle={Proceedings of the 26th Symposium on Operating Systems Principles},
  pages={325--341},
  year={2017},
  organization={ACM}
}

@book{1987packer,
  title={The packer filter: an efficient mechanism for user-level network code},
  author={Mogul, Jeffrey and Rashid, Richard and Accetta, Michael},
  volume={21},
  number={5},
  year={1987},
  publisher={ACM}
}

@online{tuntap,
	title = {{tuntap: Virtual network interfaces for Mac OS X}},
	url={http://tuntaposx.sourceforge.net/}
}

@inproceedings{Xen,
  title={Xen and the art of virtualization},
  author={Barham, Paul and Dragovic, Boris and Fraser, Keir and Hand, Steven and Harris, Tim and Ho, Alex and Neugebauer, Rolf and Pratt, Ian and Warfield, Andrew},
  booktitle={ACM SIGOPS operating systems review},
  volume={37},
  number={5},
  pages={164--177},
  year={2003},
  organization={ACM}
}

@inproceedings{hruby2014sockets,
  title={On Sockets and System Calls: Minimizing Context Switches for the Socket $\{$API$\}$},
  author={Hruby, Tomas and Crivat, Teodor and Bos, Herbert and Tanenbaum, Andrew S},
  booktitle={2014 Conference on Timely Results in Operating Systems ($\{$TRIOS$\}$ 14)},
  year={2014}
}

@inproceedings{hruby2012keep,
  title={Keep net working-on a dependable and fast networking stack},
  author={Hruby, Tomas and Vogt, Dirk and Bos, Herbert and Tanenbaum, Andrew S},
  booktitle={IEEE/IFIP International Conference on Dependable Systems and Networks (DSN 2012)},
  pages={1--12},
  year={2012},
  organization={IEEE}
}

@inproceedings{boyd2010analysis,
  title={An Analysis of Linux Scalability to Many Cores.},
  author={Boyd-Wickizer, Silas and Clements, Austin T and Mao, Yandong and Pesterev, Aleksey and Kaashoek, M Frans and Morris, Robert Tappan and Zeldovich, Nickolai and others},
  booktitle={OSDI},
  volume={10},
  number={13},
  pages={86--93},
  year={2010}
}

@book{maeda1994protocol,
  title={Protocol service decomposition for high-performance networking},
  author={Maeda, Chris and Bershad, Brian N},
  volume={27},
  number={5},
  year={1994},
  publisher={ACM}
}

@article{thekkath1993implementing,
  title={Implementing network protocols at user level},
  author={Thekkath, Chandramohan A and Nguyen, Thu D and Moy, Evelyn and Lazowska, Edward D},
  journal={IEEE/ACM Transactions on Networking},
  volume={1},
  number={5},
  pages={554--565},
  year={1993},
  publisher={IEEE}
}

@inproceedings{basu1995user,
  title={A User-Level Network Interface for Parallel and Distributed Computing},
  author={Basu, A},
  booktitle={Proc. of the 15th ACM Symp. on Operating Systems Principles (SOSP), 1995},
  year={1995}
}

@book{edwards1995experiences,
  title={Experiences implementing a high performance TCP in user-space},
  author={Edwards, Aled and Muir, Steve},
  volume={25},
  number={4},
  year={1995}
}

@article{dong2012high,
  title={High performance network virtualization with SR-IOV},
  author={Dong, Yaozu and Yang, Xiaowei and Li, Jianhui and Liao, Guangdeng and Tian, Kun and Guan, Haibing},
  journal={Journal of Parallel and Distributed Computing},
  volume={72},
  number={11},
  pages={1471--1480},
  year={2012},
  publisher={Elsevier}
}

@article{kantee2014rump,
  title={Rump Kernels No OS? No Problem!},
  author={Kantee, Antti and Cormack, Justin},
  journal={USENIX; login: magazine},
  year={2014}
}

@inproceedings{dike2001user,
  title={User-mode Linux.},
  author={Dike, Jeff and others},
  booktitle={Annual Linux Showcase \& Conference},
  year={2001}
}

@article{Honda2014Rekindling,
  title={Rekindling Network Protocol Innovation with User-Level Stacks},
  author={Honda, Michio and Huici, Felipe and Raiciu, Costin and Araujo, Joao and Rizzo, Luigi},
  journal={Acm Sigcomm Computer Communication Review},
  volume={44},
  number={2},
  pages={52-58},
  year={2014},
}